@book{test_ref,
author = {حمزة إبراهيم الحاكمي},
title = {البنى الجبرية},
publisher = {منشورات جامعة دمشق},
year = {2013}
}


@book{test_ref2,
	author = {حمزة إبراهيم الحاكمي},
	title = {البنى الجبرية},
	publisher = {منشورات جامعة دمشق},
	year = {2013}
}

